@article {garske20160308,
	author = {Garske, Tini and Cori, Anne and Ariyarajah, Archchun and Blake, Isobel M. and Dorigatti, Ilaria and Eckmanns, Tim and Fraser, Christophe and Hinsley, Wes and Jombart, Thibaut and Mills, Harriet L. and Nedjati-Gilani, Gemma and Newton, Emily and Nouvellet, Pierre and Perkins, Devin and Riley, Steven and Schumacher, Dirk and Shah, Anita and Van Kerkhove, Maria D. and Dye, Christopher and Ferguson, Neil M. and Donnelly, Christl A.},
	title = {Heterogeneities in the case fatality ratio in the West African Ebola outbreak 2013{\textendash}2016},
	volume = {372},
	number = {1721},
	year = {2017},
	doi = {10.1098/rstb.2016.0308},
	publisher = {The Royal Society},
	issn = {0962-8436},
	URL = {http://rstb.royalsocietypublishing.org/content/372/1721/20160308},
	eprint = {http://rstb.royalsocietypublishing.org/content/372/1721/20160308.full.pdf},
	journal = {Philosophical Transactions of the Royal Society of London B: Biological Sciences}
}

@article{saw1984chebyshev,
  title={Chebyshev Inequality with Estimated Mean and Variance},
  author={Saw, John G and Yang, Mark CK and Mo, Tse Chin},
  journal={The American Statistician},
  volume={38},
  number={2},
  pages={130--132},
  year={1984},
  publisher={Taylor \& Francis Group}
}

@article{cori2013new,
  title={A New Framework and Software to Estimate Time-Varying Reproduction Numbers During Epidemics},
  author={Cori, Anne and Ferguson, Neil M and Fraser, Christophe and Cauchemez, Simon},
  journal={American Journal of Epidemiology},
  volume={178},
  number={9},
  pages={1505--1512},
  year={2013},
  publisher={Oxford University Press}
}

@article{burnham2011aic,
  title={AIC model selection and multimodel inference in behavioral ecology: some background, observations, and comparisons},
  author={Burnham, Kenneth P and Anderson, David R and Huyvaert, Kathryn P},
  journal={Behavioral Ecology and Sociobiology},
  volume={65},
  number={1},
  pages={23--35},
  year={2011},
  publisher={Springer}
}

@article{team2015west,
  title={West African Ebola Epidemic after One Year â€”- Slowing but Not Yet under Control},
  author={Team, WHO Ebola Response},
  journal={The New England journal of medicine},
  volume={372},
  number={6},
  pages={584},
  year={2015},
  publisher={Europe PMC Funders}
}