@article{who2014ebola,
  title={{Ebola virus disease in West Africa—the first 9 months of the epidemic and forward projections}},
  author={{WHO Ebola Response Team}},
  journal={New England Journal of Medicine},
  volume={371},
  number={16},
  pages={1481--1495},
  year={2014},
  publisher={Mass Medical Soc}
}

@article{cori2013new,
  title={{A New Framework and Software to Estimate Time-Varying Reproduction Numbers During Epidemics}},
  author={Cori, Anne and Ferguson, Neil M and Fraser, Christophe and Cauchemez, Simon},
  journal={American Journal of Epidemiology},
  volume={178},
  number={9},
  pages={1505--1512},
  year={2013},
  publisher={Oxford University Press}
}

@article{nouvellet2017simple,
  title={A simple approach to measure transmissibility and forecast incidence},
  author={Nouvellet, Pierre and Cori, Anne and Garske, Tini and Blake, Isobel M and Dorigatti, Ilaria and Hinsley, Wes and Jombart, Thibaut and Mills, Harriet L and Nedjati-Gilani, Gemma and Van Kerkhove, Maria D and others},
  journal={Epidemics},
  year={2017},
  publisher={Elsevier}
}

@article{who2018drc,
  title={{Outbreak  of  Ebola  virus  disease  in  the  Democratic  Republic  of  the  Congo,  April–May,  2018:  an  epidemiological  study }},
  journal={{The Lancet}},
  author={{The  Ebola  Response  Team}},
  year={{In Press}}
}
